
@CONFERENCE{cnn,
author={Krizhevsky, A. and Sutskever, I. and Geoffrey, E. H.},
title = {ImageNet Classification with Deep Convolutional Neural Networks},
booktitle = {In Proceedings of  Advances in Neural Information Processing Systems 25 (NIPS 2012)},
year = {2012},
}

@CONFERENCE{kim,
author={Kim, Y.},
title = {Convolutional Neural Networks for Sentence Classification},
booktitle = {arXiv:1408.5882},
year = {2014},
}

@CONFERENCE{rnn,
author={Sutskever, I. and Vinyals, O. and Le, Q.V.},
title = {Sequence to Sequence Learning with Neural Networks},
booktitle = {Proceedings of Advances in Neural Information Processing Systems 27 (NIPS 2014)},
year = {2014},
}

@CONFERENCE{lstm,
author={Sak, H. and Senior, A. and Beaufays, F},
title = {Long Short-Term Memory Based Recurrent Neural Network Architectures for Large Vocabulary Speech Recognition},
booktitle = {arXiv:1402.1128},
year = {2014},
}

@inproceedings{santos,
    title = "Classifying Relations by Ranking with Convolutional Neural Networks",
    author = "dos Santos, C{\'\i}cero  and
      Xiang, Bing  and
      Zhou, Bowen",
    booktitle = "Proceedings of the 53rd Annual Meeting of the Association for Computational Linguistics and the 7th International Joint Conference on Natural Language Processing (Volume 1: Long Papers)",
    month = jul,
    year = "2015",
    address = "Beijing, China",
    publisher = "Association for Computational Linguistics",
    url = "https://www.aclweb.org/anthology/P15-1061",
    doi = "10.3115/v1/P15-1061",
    pages = "626--634",
}

@CONFERENCE{strubell,
author={Strubell, E. and Verga, P. and Belanger, D. and McCallum, A.},
title = {Fast and Accurate Entity Recognition with Iterated Dilated Convolutions},
booktitle = {arXiv:1702.02098},	
year = {2017},
}

@article{peter2017,
  author    = {Matthew E. Peters and
               Waleed Ammar and
               Chandra Bhagavatula and
               Russell Power},
  title     = {Semi-supervised sequence tagging with bidirectional language models},
  journal   = {CoRR},
  volume    = {abs/1705.00108},
  year      = {2017},
  url       = {http://arxiv.org/abs/1705.00108},
  archivePrefix = {arXiv},
  eprint    = {1705.00108},
  timestamp = {Mon, 13 Aug 2018 16:46:36 +0200},
  biburl    = {https://dblp.org/rec/bib/journals/corr/PetersABP17},
  bibsource = {dblp computer science bibliography, https://dblp.org}
}

@article{peter2018,
  author    = {Matthew E. Peters and
               Mark Neumann and
               Mohit Iyyer and
               Matt Gardner and
               Christopher Clark and
               Kenton Lee and
               Luke Zettlemoyer},
  title     = {Deep contextualized word representations},
  journal   = {CoRR},
  volume    = {abs/1802.05365},
  year      = {2018},
  url       = {http://arxiv.org/abs/1802.05365},
  archivePrefix = {arXiv},
  eprint    = {1802.05365},
  timestamp = {Mon, 13 Aug 2018 16:48:54 +0200},
  biburl    = {https://dblp.org/rec/bib/journals/corr/abs-1802-05365},
  bibsource = {dblp computer science bibliography, https://dblp.org}
}

@article{mahovy,
  author    = {Xuezhe Ma and
               Eduard H. Hovy},
  title     = {End-to-end Sequence Labeling via Bi-directional LSTM-CNNs-CRF},
  journal   = {CoRR},
  volume    = {abs/1603.01354},
  year      = {2016},
  url       = {http://arxiv.org/abs/1603.01354},
  archivePrefix = {arXiv},
  eprint    = {1603.01354},
  timestamp = {Mon, 13 Aug 2018 16:46:12 +0200},
  biburl    = {https://dblp.org/rec/bib/journals/corr/MaH16},
  bibsource = {dblp computer science bibliography, https://dblp.org}
}

@article{comb,
  author    = {Jie Yang and
               Shuailong Liang and
               Yue Zhang},
  title     = {Design Challenges and Misconceptions in Neural Sequence Labeling},
  journal   = {CoRR},
  volume    = {abs/1806.04470},
  year      = {2018},
  url       = {http://arxiv.org/abs/1806.04470},
  archivePrefix = {arXiv},
  eprint    = {1806.04470},
  timestamp = {Mon, 13 Aug 2018 16:47:19 +0200},
  biburl    = {https://dblp.org/rec/bib/journals/corr/abs-1806-04470},
  bibsource = {dblp computer science bibliography, https://dblp.org}
}

@article{vaswani,
  author    = {Ashish Vaswani and
               Noam Shazeer and
               Niki Parmar and
               Jakob Uszkoreit and
               Llion Jones and
               Aidan N. Gomez and
               Lukasz Kaiser and
               Illia Polosukhin},
  title     = {Attention Is All You Need},
  journal   = {CoRR},
  volume    = {abs/1706.03762},
  year      = {2017},
  url       = {http://arxiv.org/abs/1706.03762},
  archivePrefix = {arXiv},
  eprint    = {1706.03762},
  timestamp = {Mon, 13 Aug 2018 16:48:37 +0200},
  biburl    = {https://dblp.org/rec/bib/journals/corr/VaswaniSPUJGKP17},
  bibsource = {dblp computer science bibliography, https://dblp.org}
}

@article{bert,
  author    = {Jacob Devlin and
               Ming{-}Wei Chang and
               Kenton Lee and
               Kristina Toutanova},
  title     = {{BERT:} Pre-training of Deep Bidirectional Transformers for Language
               Understanding},
  journal   = {CoRR},
  volume    = {abs/1810.04805},
  year      = {2018},
  url       = {http://arxiv.org/abs/1810.04805},
  archivePrefix = {arXiv},
  eprint    = {1810.04805},
  timestamp = {Tue, 30 Oct 2018 20:39:56 +0100},
  biburl    = {https://dblp.org/rec/bib/journals/corr/abs-1810-04805},
  bibsource = {dblp computer science bibliography, https://dblp.org}
}

@article{xlnet,
  author    = {Zhilin Yang and
               Zihang Dai and
               Yiming Yang and
               Jaime G. Carbonell and
               Ruslan Salakhutdinov and
               Quoc V. Le},
  title     = {XLNet: Generalized Autoregressive Pretraining for Language Understanding},
  journal   = {CoRR},
  volume    = {abs/1906.08237},
  year      = {2019},
  url       = {http://arxiv.org/abs/1906.08237},
  archivePrefix = {arXiv},
  eprint    = {1906.08237},
  timestamp = {Mon, 24 Jun 2019 17:28:45 +0200},
  biburl    = {https://dblp.org/rec/bib/journals/corr/abs-1906-08237},
  bibsource = {dblp computer science bibliography, https://dblp.org}
}

@article{conll,
  author    = {Erik F. Tjong Kim Sang and
               Fien De Meulder},
  title     = {Introduction to the CoNLL-2003 Shared Task: Language-Independent Named
               Entity Recognition},
  journal   = {CoRR},
  volume    = {cs.CL/0306050},
  year      = {2003},
  url       = {http://arxiv.org/abs/cs.CL/0306050},
  timestamp = {Mon, 13 Aug 2018 16:47:10 +0200},
  biburl    = {https://dblp.org/rec/bib/journals/corr/cs-CL-0306050},
  bibsource = {dblp computer science bibliography, https://dblp.org}
}

@article{char-fea1,
  author    = {Jason P. C. Chiu and
               Eric Nichols},
  title     = {Named Entity Recognition with Bidirectional LSTM-CNNs},
  journal   = {CoRR},
  volume    = {abs/1511.08308},
  year      = {2015},
  url       = {http://arxiv.org/abs/1511.08308},
  archivePrefix = {arXiv},
  eprint    = {1511.08308},
  timestamp = {Mon, 13 Aug 2018 16:46:15 +0200},
  biburl    = {https://dblp.org/rec/bib/journals/corr/ChiuN15},
  bibsource = {dblp computer science bibliography, https://dblp.org}
}

@article{huang15,
  author    = {Zhiheng Huang and
               Wei Xu and
               Kai Yu},
  title     = {Bidirectional {LSTM-CRF} Models for Sequence Tagging},
  journal   = {CoRR},
  volume    = {abs/1508.01991},
  year      = {2015},
  url       = {http://arxiv.org/abs/1508.01991},
  archivePrefix = {arXiv},
  eprint    = {1508.01991},
  timestamp = {Mon, 13 Aug 2018 16:46:46 +0200},
  biburl    = {https://dblp.org/rec/bib/journals/corr/HuangXY15},
  bibsource = {dblp computer science bibliography, https://dblp.org}
}

@inproceedings{peng15,
title={Named Entity Recognition for Chinese Social Media with Jointly Trained Embeddings.},
author={Peng, Nanyun and Dredze, Mark},
booktitle={Processings of the Conference on Empirical Methods in Natural Language Processing (EMNLP)},
pages={548â€“-554},
year={2015}
}

@inproceedings{peng16,
title={Improving named entity recognition for Chinese social media with word segmentation representation learning},
author={Peng, Nanyun and Dredze, Mark},
booktitle={Proceedings of the 54th Annual Meeting of the Association for Computational Linguistics (ACL)},
volume={2},
pages={149--155},
year={2016}
}

@article{hesun16,
author={Hangfeng He and Xu Sun},
title={F-Score Driven Max Margin Neural Network for Named Entity Recognition in Chinese Social Media.},
journal={CoRR},
volume={abs/1611.04234},
year={2016}
}

@article{bertslot,
  author    = {Qian Chen and
               Zhu Zhuo and
               Wen Wang},
  title     = {{BERT} for Joint Intent Classification and Slot Filling},
  journal   = {CoRR},
  volume    = {abs/1902.10909},
  year      = {2019},
  url       = {http://arxiv.org/abs/1902.10909},
  archivePrefix = {arXiv},
  eprint    = {1902.10909},
  timestamp = {Tue, 21 May 2019 18:03:38 +0200},
  biburl    = {https://dblp.org/rec/bib/journals/corr/abs-1902-10909},
  bibsource = {dblp computer science bibliography, https://dblp.org}
}

@article{lattice,  
 title={Chinese NER Using Lattice LSTM},  
 author={Yue Zhang and Jie Yang},  
 booktitle={Proceedings of the 56th Annual Meeting of the Association for Computational Linguistics (ACL)},
 year={2018}  
}



@ARTICLE{nlp,
author = {Collobert, R. and Weston, J. and Bottou, L. and Karlen, M. and Kavukcuoglu, K. and Kuksa, P.},
title = {Natural Language Processing (Almost) from Scratch},
journal = {Machine Learning Research},
year = {2011},
volume = {12 (2011)},
pages = {2493-2537},
}

@article{fasttext,
  author    = {Tomas Mikolov and
               Edouard Grave and
               Piotr Bojanowski and
               Christian Puhrsch and
               Armand Joulin},
  title     = {Advances in Pre-Training Distributed Word Representations},
  journal   = {CoRR},
  volume    = {abs/1712.09405},
  year      = {2017},
  url       = {http://arxiv.org/abs/1712.09405},
  archivePrefix = {arXiv},
  eprint    = {1712.09405},
  timestamp = {Mon, 13 Aug 2018 16:46:21 +0200},
  biburl    = {https://dblp.org/rec/bib/journals/corr/abs-1712-09405},
  bibsource = {dblp computer science bibliography, https://dblp.org}
}

@article{acalg,
 author = {Aho, Alfred V. and Corasick, Margaret J.},
 title = {Efficient String Matching: An Aid to Bibliographic Search},
 journal = {Commun. ACM},
 issue_date = {June 1975},
 volume = {18},
 number = {6},
 month = jun,
 year = {1975},
 issn = {0001-0782},
 pages = {333--340},
 numpages = {8},
 url = {http://doi.acm.org/10.1145/360825.360855},
 doi = {10.1145/360825.360855},
 acmid = {360855},
 publisher = {ACM},
 address = {New York, NY, USA},
 keywords = {bibliographic search, computational complexity, finite state machines, information retrieval, keywords and phrases, string pattern matching, text-editing},
}

@article{kmp,
author = {Knuth, D. and Morris, Jr., J. and Pratt, V.},
title = {Fast Pattern Matching in Strings},
journal = {SIAM Journal on Computing},
volume = {6},
number = {2},
pages = {323-350},
year = {1977},
doi = {10.1137/0206024},

URL = { 
        https://doi.org/10.1137/0206024
    
},
eprint = { 
        https://doi.org/10.1137/0206024
    
}

}

@ARTICLE{viterbi, 
author={A. {Viterbi}}, 
journal={IEEE Transactions on Information Theory}, 
title={Error bounds for convolutional codes and an asymptotically optimum decoding algorithm}, 
year={1967}, 
volume={13}, 
number={2}, 
pages={260-269}, 
keywords={Convolutional codes}, 
doi={10.1109/TIT.1967.1054010}, 
ISSN={0018-9448}, 
month={April},}

@inproceedings{trietree,
 author = {De La Briandais, Rene},
 title = {File Searching Using Variable Length Keys},
 booktitle = {Papers Presented at the the March 3-5, 1959, Western Joint Computer Conference},
 series = {IRE-AIEE-ACM '59 (Western)},
 year = {1959},
 location = {San Francisco, California},
 pages = {295--298},
 numpages = {4},
 url = {http://doi.acm.org/10.1145/1457838.1457895},
 doi = {10.1145/1457838.1457895},
 acmid = {1457895},
 publisher = {ACM},
 address = {New York, NY, USA},
} 

@inproceedings{openai,
  title={Improving Language Understanding by Generative Pre-Training},
  author={Radford, A. and
               Narasimhan, K. and
               Salimans, T. and 
               Sutskever, I.},
  year={2018}
}

@inproceedings{lrcnn,
author = {Gui, Tao and Ma, Ruotian and Zhang, Qi and Zhao, Lujun and Jiang, Yu-Gang and Huang, Xuanjing},
year = {2019},
month = {08},
pages = {4982-4988},
title = {CNN-Based Chinese NER with Lexicon Rethinking},
doi = {10.24963/ijcai.2019/692}
}

@inproceedings{crf,
author = {Lafferty, J. and McCallum, A. and Pereira, F.},
year = {2001},
pages = {282-289},
title = {Conditional Random Fields: Probabilistic Models for Segmenting and Labeling Sequence Data},
doi = {Proceedings of the 18th International Conference on Machine Learning 2001 (ICML 2001)}
}

@INPROCEEDINGS{lstmbcp,
    author = {Richard Socher and Christopher D. Manning and Andrew Y. Ng},
    title = {Learning continuous phrase representations and syntactic parsing with recursive neural networks},
    booktitle = {In Proceedings of the NIPS-2010 Deep Learning and Unsupervised Feature Learning Workshop},
    year = {2010}
}

@inproceedings{stner,
 author = {Finkel, Jenny Rose and Grenager, Trond and Manning, Christopher},
 title = {Incorporating Non-local Information into Information Extraction Systems by Gibbs Sampling},
 booktitle = {Proceedings of the 43rd Annual Meeting on Association for Computational Linguistics},
 series = {ACL '05},
 year = {2005},
 location = {Ann Arbor, Michigan},
 pages = {363--370},
 numpages = {8},
 url = {https://doi.org/10.3115/1219840.1219885},
 doi = {10.3115/1219840.1219885},
 acmid = {1219885},
 publisher = {Association for Computational Linguistics},
 address = {Stroudsburg, PA, USA},
}

@inproceedings{inproceedings,
author = {Mikolov, Tomas and Corrado, G.s and Chen, Kai and Dean, Jeffrey},
year = {2013},
month = {01},
pages = {1-12},
title = {Efficient Estimation of Word Representations in Vector Space},
booktitle = {Proceedings of the International Conference on Learning Representations (ICLR 2013)},
publisher = {International Conference on Learning Representations }
}

@InProceedings{mikolov2013linguistic,
author = {Mikolov, Tomas and Yih, Scott Wen-tau and Zweig, Geoffrey},
title = {Linguistic Regularities in Continuous Space Word Representations},
booktitle = {Proceedings of the 2013 Conference of the North American Chapter of the Association for Computational Linguistics: Human Language Technologies (NAACL-HLT-2013)},
year = {2013},
month = {May},
publisher = {Association for Computational Linguistics},
url = {https://www.microsoft.com/en-us/research/publication/linguistic-regularities-in-continuous-space-word-representations/},
edition = {Proceedings of the 2013 Conference of the North American Chapter of the Association for Computational Linguistics: Human Language Technologies (NAACL-HLT-2013)},
}

@inproceedings{glove,
  author = {Jeffrey Pennington and Richard Socher and Christopher D. Manning},
  booktitle = {Empirical Methods in Natural Language Processing (EMNLP)},
  title = {GloVe: Global Vectors for Word Representation},
  year = {2014},
  pages = {1532--1543},
  url = {http://www.aclweb.org/anthology/D14-1162},
}

@inproceedings{msra,
    title = "The Third International {C}hinese Language Processing Bakeoff: Word Segmentation and Named Entity Recognition",
    author = "Levow, Gina-Anne",
    booktitle = "Proceedings of the Fifth {SIGHAN} Workshop on {C}hinese Language Processing",
    month = jul,
    year = "2006",
    address = "Sydney, Australia",
    publisher = "Association for Computational Linguistics",
    url = "https://www.aclweb.org/anthology/W06-0115",
    pages = "108--117",
}

@misc{CRFsuite,
	author = {Naoaki Okazaki},
	title = {CRFsuite: a fast implementation of Conditional Random Fields (CRFs)},
	url = {http://www.chokkan.org/software/crfsuite/},
	year = {2007}
}

@MISC{Mikolov13efficientestimation,
    author = {Tomas Mikolov and Kai Chen and Greg Corrado and Jeffrey Dean},
    title = {Efficient estimation of word representations in vector space },
    year = {2013}
}

@MISC{ccks,
    author = {Liu, K. and Guo, S. and Liu, S. and Zhang, Y},
    title = {China Conference on Knowledge Graph and Semantic Computing (2018)},
    url = {https://biendata.com/competition/CCKS2018_2/data/},
    year = {2018}
}

@misc{tensor,
title={{TensorFlow}: Large-Scale Machine Learning on Heterogeneous Systems},
url={http://tensorflow.org/},
note={Software available from tensorflow.org},
author={
    Mart\'{\i}n~Abadi and
    Ashish~Agarwal and
    Paul~Barham and
    Eugene~Brevdo and
    Zhifeng~Chen and
    Craig~Citro and
    Greg~S.~Corrado and
    Andy~Davis and
    Jeffrey~Dean and
    Matthieu~Devin and
    Sanjay~Ghemawat and
    Ian~Goodfellow and
    Andrew~Harp and
    Geoffrey~Irving and
    Michael~Isard and
    Yangqing Jia and
    Rafal~Jozefowicz and
    Lukasz~Kaiser and
    Manjunath~Kudlur and
    Josh~Levenberg and
    Dan~Man\'{e} and
    Rajat~Monga and
    Sherry~Moore and
    Derek~Murray and
    Chris~Olah and
    Mike~Schuster and
    Jonathon~Shlens and
    Benoit~Steiner and
    Ilya~Sutskever and
    Kunal~Talwar and
    Paul~Tucker and
    Vincent~Vanhoucke and
    Vijay~Vasudevan and
    Fernanda~Vi\'{e}gas and
    Oriol~Vinyals and
    Pete~Warden and
    Martin~Wattenberg and
    Martin~Wicke and
    Yuan~Yu and
    Xiaoqiang~Zheng},
  year={2015},
}

@incollection{NIPS2013_5021,
title = {Distributed Representations of Words and Phrases and their Compositionality},
author = {Mikolov, Tomas and Sutskever, Ilya and Chen, Kai and Corrado, Greg S and Dean, Jeff},
booktitle = {Advances in Neural Information Processing Systems 26},
editor = {C. J. C. Burges and L. Bottou and M. Welling and Z. Ghahramani and K. Q. Weinberger},
pages = {3111--3119},
year = {2013},
publisher = {Curran Associates, Inc.},
url = {http://papers.nips.cc/paper/5021-distributed-representations-of-words-and-phrases-and-their-compositionality.pdf}
}


